<?xml version="1.0" encoding="UTF-8"?>
<collection
  xmlns:xsi="http://www.w3.org/2001/XMLSchema-instance"
  xsi:schemaLocation="http://www.loc.gov/MARC21/slim http://www.loc.gov/standards/marcxml/schema/MARC21slim.xsd"
  xmlns="http://www.loc.gov/MARC21/slim">

<record>
  <leader>12827ckdaa2201849 a 4500</leader>
  <controlfield tag="001">3462366</controlfield>
  <controlfield tag="005">20100226103430.0</controlfield>
  <controlfield tag="008">890518i19161918cau||| ||||||     k|eng d</controlfield>
  <datafield tag="035" ind1=" " ind2=" ">
    <subfield code="a">(OCoLC)79765213</subfield>
  </datafield>
  <datafield tag="035" ind1=" " ind2=" ">
    <subfield code="a">(OCoLC)ocm79765213</subfield>
  </datafield>
  <datafield tag="035" ind1=" " ind2=" ">
    <subfield code="a">(CStRLIN)NYDA89-F623</subfield>
  </datafield>
  <datafield tag="035" ind1=" " ind2=" ">
    <subfield code="9">AAA2837AD</subfield>
  </datafield>
  <datafield tag="035" ind1=" " ind2=" ">
    <subfield code="a">(NNC)3462366</subfield>
  </datafield>
  <datafield tag="040" ind1=" " ind2=" ">
    <subfield code="a">NNC</subfield>
    <subfield code="c">NNC</subfield>
    <subfield code="e">ghic</subfield>
  </datafield>
  <datafield tag="043" ind1=" " ind2=" ">
    <subfield code="a">n-us-ca</subfield>
  </datafield>
  <datafield tag="090" ind1=" " ind2=" ">
    <subfield code="i">08/16/01 X</subfield>
    <subfield code="h">01/09/92 N</subfield>
  </datafield>
  <datafield tag="110" ind1="2" ind2=" ">
    <subfield code="a">Greene &amp; Greene.</subfield>
  </datafield>
  <datafield tag="240" ind1="1" ind2="0">
    <subfield code="a">John H. Poole house (Pasadena, Calif.).</subfield>
    <subfield code="p">Scheme no. 1</subfield>
  </datafield>
  <datafield tag="245" ind1="1" ind2="0">
    <subfield code="a">Residence for Major J. H. Poole, Pasadena, California.</subfield>
    <subfield code="h">[graphic] /</subfield>
    <subfield code="c">Greene &amp; Greene, Architects.</subfield>
  </datafield>
  <datafield tag="260" ind1=" " ind2=" ">
    <subfield code="c">1916-1918</subfield>
  </datafield>
  <datafield tag="300" ind1=" " ind2=" ">
    <subfield code="a">90 sheets ;</subfield>
    <subfield code="b">various media ;</subfield>
    <subfield code="c">74.9 x 98.6 cm. (29 1/2 x 38 1/2 in.) or smaller.</subfield>
  </datafield>
  <datafield tag="500" ind1=" " ind2=" ">
    <subfield code="a">Most of the drawings are encapsulated in mylar.</subfield>
  </datafield>
  <datafield tag="500" ind1=" " ind2=" ">
    <subfield code="a">Scale varies.</subfield>
  </datafield>
  <datafield tag="500" ind1=" " ind2=" ">
    <subfield code="a">Bracketed title elements supplied by cataloger or taken from inventory.</subfield>
  </datafield>
  <datafield tag="500" ind1=" " ind2=" ">
    <subfield code="a">Forms part of the Greene &amp; Greene collection of architectural drawings ; job no. 369, Dept. of Drawings &amp; Archives, Avery Architectural and Fine Arts Library.</subfield>
  </datafield>
  <datafield tag="500" ind1=" " ind2=" ">
    <subfield code="a">Set includes blank sheet of tracing paper "kept because of interesting watermark". Sheet was assigned accession no. 1960.001.03084 but was not filmed.</subfield>
  </datafield>
  <datafield tag="500" ind1=" " ind2=" ">
    <subfield code="a">Set includes typewritten letter to Charles Greene with envelope and 10 sheets of paper, most of which contain calculations. None of this material has been assigned an accession no. photographed.</subfield>
  </datafield>
  <datafield tag="500" ind1=" " ind2=" ">
    <subfield code="a">This set consists of 74 drawings on tracing paper, 5 graphite and crayon on tracing paper, 5 graphite on paper, 2 blueline prints with ink wash on paper. 2 blueprints on paper, 1 graphite on tracing paper with chalk applied to the verso, 1 ink on tracing paper, 1 graphite with crayon annotations on paper, 1 brownline print with crayon and pencil and ink on paper, 1 ink with graphite annotations on tracing paper, 1 graphite drawing with chalk markings on paper, and 1 graphite with ink annotations on paper.</subfield>
  </datafield>
  <datafield tag="561" ind1=" " ind2=" ">
    <subfield code="a">Gift of Jean Murray Bangs (Mrs. Harwell Hamilton Harris), 1960; formerly the collection of Charles Sumner Greene.</subfield>
  </datafield>
  <datafield tag="650" ind1=" " ind2="7">
    <subfield code="a">Houses.</subfield>
    <subfield code="2">aat</subfield>
  </datafield>
  <datafield tag="650" ind1=" " ind2="7">
    <subfield code="a">Garages.</subfield>
    <subfield code="2">aat</subfield>
  </datafield>
  <datafield tag="650" ind1=" " ind2="7">
    <subfield code="a">Arches.</subfield>
    <subfield code="2">aat</subfield>
  </datafield>
  <datafield tag="655" ind1=" " ind2="7">
    <subfield code="a">Diagrams.</subfield>
    <subfield code="2">aat</subfield>
  </datafield>
  <datafield tag="655" ind1=" " ind2="7">
    <subfield code="a">Site plans.</subfield>
    <subfield code="2">aat</subfield>
  </datafield>
  <datafield tag="655" ind1=" " ind2="7">
    <subfield code="a">Sketches.</subfield>
    <subfield code="2">aat</subfield>
  </datafield>
  <datafield tag="655" ind1=" " ind2="7">
    <subfield code="a">Perspective drawings.</subfield>
    <subfield code="2">aat</subfield>
  </datafield>
  <datafield tag="655" ind1=" " ind2="7">
    <subfield code="a">Architectural drawings</subfield>
    <subfield code="x">American.</subfield>
    <subfield code="2">aat</subfield>
  </datafield>
  <datafield tag="655" ind1=" " ind2="7">
    <subfield code="a">Preliminary drawings.</subfield>
    <subfield code="2">aat</subfield>
  </datafield>
  <datafield tag="655" ind1=" " ind2="7">
    <subfield code="a">Orthographic drawings.</subfield>
    <subfield code="2">aat</subfield>
  </datafield>
  <datafield tag="691" ind1=" " ind2="7">
    <subfield code="a">Pasadena (Calif.)</subfield>
  </datafield>
  <datafield tag="697" ind1="2" ind2="4">
    <subfield code="a">John H. Poole house (Pasadena, Calif.)</subfield>
  </datafield>
  <datafield tag="650" ind1=" " ind2="0">
    <subfield code="a">Architecture</subfield>
    <subfield code="z">United States</subfield>
    <subfield code="v">Designs and plans.</subfield>
  </datafield>
  <datafield tag="700" ind1="1" ind2=" ">
    <subfield code="a">Greene, Charles Sumner,</subfield>
    <subfield code="d">1868-1957.</subfield>
  </datafield>
  <datafield tag="700" ind1="1" ind2=" ">
    <subfield code="a">Greene, Henry Mather,</subfield>
    <subfield code="d">1870-1954.</subfield>
  </datafield>
  <datafield tag="700" ind1="1" ind2=" ">
    <subfield code="a">Poole, John H.</subfield>
  </datafield>
  <datafield tag="700" ind1="1" ind2=" ">
    <subfield code="a">Day, Clarence P.</subfield>
  </datafield>
  <datafield tag="700" ind1="1" ind2=" ">
    <subfield code="a">Mote, M.</subfield>
  </datafield>
  <datafield tag="700" ind1="1" ind2=" ">
    <subfield code="a">Chittenden, Alpheus W.</subfield>
  </datafield>
  <datafield tag="700" ind1="1" ind2=" ">
    <subfield code="a">Kotting, Charles D.,</subfield>
    <subfield code="d">1862-1934.</subfield>
  </datafield>
  <datafield tag="710" ind1="2" ind2=" ">
    <subfield code="a">Chittenden &amp; Kotting.</subfield>
  </datafield>
  <datafield tag="755" ind1=" " ind2=" ">
    <subfield code="a">Pencil drawings.</subfield>
    <subfield code="2">aat</subfield>
  </datafield>
  <datafield tag="755" ind1=" " ind2=" ">
    <subfield code="a">Blueprints.</subfield>
    <subfield code="2">aat</subfield>
  </datafield>
  <datafield tag="755" ind1=" " ind2=" ">
    <subfield code="a">Chalk drawings.</subfield>
    <subfield code="2">aat</subfield>
  </datafield>
  <datafield tag="755" ind1=" " ind2=" ">
    <subfield code="a">Ink drawings.</subfield>
    <subfield code="2">aat</subfield>
  </datafield>
  <datafield tag="755" ind1=" " ind2=" ">
    <subfield code="a">Crayon drawings.</subfield>
    <subfield code="2">aat</subfield>
  </datafield>
  <datafield tag="755" ind1=" " ind2=" ">
    <subfield code="a">Blue line prints.</subfield>
    <subfield code="2">aat</subfield>
  </datafield>
  <datafield tag="755" ind1=" " ind2=" ">
    <subfield code="a">Ink wash drawings.</subfield>
    <subfield code="2">aat</subfield>
  </datafield>
  <datafield tag="755" ind1=" " ind2=" ">
    <subfield code="a">Brown line prints.</subfield>
    <subfield code="2">aat</subfield>
  </datafield>
  <datafield tag="755" ind1=" " ind2=" ">
    <subfield code="a">The Greene &amp; Greene collection of architectural drawings.</subfield>
  </datafield>
  <datafield tag="789" ind1="0" ind2=" ">
    <subfield code="1">[1]</subfield>
    <subfield code="i">NYDA.1960.001.03016.</subfield>
    <subfield code="t">Plot [i.e. site] plan of Mr. J.H. Poole's property.</subfield>
  </datafield>
  <datafield tag="789" ind1="0" ind2=" ">
    <subfield code="1">[2]</subfield>
    <subfield code="i">NYDA.1960.001.03017.</subfield>
    <subfield code="t">Plot [i.e. site] plan showing revision of dining room, also shows suggestion for plans of lodge and garage.</subfield>
  </datafield>
  <datafield tag="789" ind1="0" ind2=" ">
    <subfield code="1">[3]</subfield>
    <subfield code="i">NYDA.1960.001.03018.</subfield>
    <subfield code="t">[Sketches -- site plan, unidentified floor plan, perspective view of house]</subfield>
  </datafield>
  <datafield tag="789" ind1="0" ind2=" ">
    <subfield code="1">[4]</subfield>
    <subfield code="i">NYDA.1960.001.03019.</subfield>
    <subfield code="t">[Sketch of partial elevation of house]</subfield>
  </datafield>
  <datafield tag="789" ind1="0" ind2=" ">
    <subfield code="1">[5]</subfield>
    <subfield code="i">NYDA.1960.001.03020.</subfield>
    <subfield code="t">[Sketch of partial elevation of house]</subfield>
  </datafield>
  <datafield tag="789" ind1="0" ind2=" ">
    <subfield code="1">[6]</subfield>
    <subfield code="i">NYDA.1960.001.03021.</subfield>
    <subfield code="t">[Perspective drawing of house]</subfield>
  </datafield>
  <datafield tag="789" ind1="0" ind2=" ">
    <subfield code="1">[7]</subfield>
    <subfield code="i">NYDA.1960.001.03022.</subfield>
    <subfield code="t">[Perspective drawing of portion of house]</subfield>
  </datafield>
  <datafield tag="789" ind1="0" ind2=" ">
    <subfield code="1">[8]</subfield>
    <subfield code="i">NYDA.1960.001.03023.</subfield>
    <subfield code="t">[Elevation of house, sketch of elevation of arches]</subfield>
  </datafield>
  <datafield tag="789" ind1="0" ind2=" ">
    <subfield code="1">[9]</subfield>
    <subfield code="i">NYDA.1960.001.03024.</subfield>
    <subfield code="t">[Sketch of elevation of house]</subfield>
  </datafield>
  <datafield tag="789" ind1="0" ind2=" ">
    <subfield code="1">[10]</subfield>
    <subfield code="i">NYDA.1960.001.03025.</subfield>
    <subfield code="t">[Sketch of elevation of house]</subfield>
  </datafield>
  <datafield tag="789" ind1="0" ind2=" ">
    <subfield code="1">[11]</subfield>
    <subfield code="i">NYDA.1960.001.03026.</subfield>
    <subfield code="t">[Sketch of elevation of house, rough sketch of partial elevation]</subfield>
  </datafield>
  <datafield tag="789" ind1="0" ind2=" ">
    <subfield code="1">[12]</subfield>
    <subfield code="i">NYDA.1960.001.03027.</subfield>
    <subfield code="t">[Elevations of arches and court, plan of court, unidentified perspective sketch]</subfield>
  </datafield>
  <datafield tag="789" ind1="0" ind2=" ">
    <subfield code="1">[13]</subfield>
    <subfield code="i">NYDA.1960.001.03028.</subfield>
    <subfield code="t">[Detail drawings and perspective sketch of arches</subfield>
  </datafield>
  <datafield tag="789" ind1="0" ind2=" ">
    <subfield code="1">[14]</subfield>
    <subfield code="i">NYDA.1960.001.03029.</subfield>
    <subfield code="t">[Elevations of interior walls showing doorways, arches, and fireplace]</subfield>
  </datafield>
  <datafield tag="789" ind1="0" ind2=" ">
    <subfield code="1">[15]</subfield>
    <subfield code="i">NYDA.1960.001.03030.</subfield>
    <subfield code="t">[Sketch of entrance, unidentified sketch]</subfield>
  </datafield>
  <datafield tag="789" ind1="0" ind2=" ">
    <subfield code="1">[16]</subfield>
    <subfield code="i">NYDA.1960.001.03031.</subfield>
    <subfield code="t">[Elevations of archway doors and windows] to l[iving] r[oom], cor[ner and] outside ' [plan of inner court] .</subfield>
    <subfield code="o">"Corner square window and high arch only blank wall".</subfield>
  </datafield>
  <datafield tag="789" ind1="0" ind2=" ">
    <subfield code="1">[17]</subfield>
    <subfield code="i">NYDA.1960.001.03032.</subfield>
    <subfield code="t">[Elevation of] tower arch to hall [and surronding area]</subfield>
  </datafield>
  <datafield tag="789" ind1="0" ind2=" ">
    <subfield code="1">[18]</subfield>
    <subfield code="i">NYDA.1960.001.03033.</subfield>
    <subfield code="t">[Sketches of elevations and perspective drawing of arches]</subfield>
  </datafield>
  <datafield tag="789" ind1="0" ind2=" ">
    <subfield code="1">[19]</subfield>
    <subfield code="i">NYDA.1960.001.03034.</subfield>
    <subfield code="t">[Plan, elevations and perspective drawing of archway with stairs]</subfield>
  </datafield>
  <datafield tag="789" ind1="0" ind2=" ">
    <subfield code="1">[20]</subfield>
    <subfield code="i">NYDA.1960.001.03035.</subfield>
    <subfield code="t">[Partial plan, partial elevation, and partial perspective sketch of house, rough sketch of arch area]</subfield>
  </datafield>
  <datafield tag="789" ind1="0" ind2=" ">
    <subfield code="1">[21]</subfield>
    <subfield code="i">NYDA.1960.001.03036.</subfield>
    <subfield code="t">[Partial elevations and partial plan of house]</subfield>
  </datafield>
  <datafield tag="789" ind1="0" ind2=" ">
    <subfield code="1">[22]</subfield>
    <subfield code="i">NYDA.1960.001.03037.</subfield>
    <subfield code="t">[Plan of house].</subfield>
    <subfield code="o">Includes illegible two word inscription.</subfield>
  </datafield>
  <datafield tag="789" ind1="0" ind2=" ">
    <subfield code="1">[23]</subfield>
    <subfield code="i">NYDA.1960.001.03038.</subfield>
    <subfield code="t">[Partial plan of house, rough sketch of tower, unidentified sketches]</subfield>
  </datafield>
  <datafield tag="789" ind1="0" ind2=" ">
    <subfield code="1">[24]</subfield>
    <subfield code="i">NYDA.1960.001.03039.</subfield>
    <subfield code="t">[First and] 2nd floor [plans]</subfield>
  </datafield>
  <datafield tag="789" ind1="0" ind2=" ">
    <subfield code="1">[25]</subfield>
    <subfield code="i">NYDA.1960.001.03040.</subfield>
    <subfield code="t">[Sketch of plan of house]</subfield>
  </datafield>
  <datafield tag="789" ind1="0" ind2=" ">
    <subfield code="1">[26]</subfield>
    <subfield code="i">NYDA.1960.001.03041R.</subfield>
    <subfield code="t">[Plan of bedrm. wing, last revision.]</subfield>
  </datafield>
  <datafield tag="789" ind1="0" ind2=" ">
    <subfield code="1">[27]</subfield>
    <subfield code="i">NYDA.1960.001.03041V.</subfield>
    <subfield code="t">[Plan of sleeping porch, bathroom and dressing room]</subfield>
  </datafield>
  <datafield tag="789" ind1="0" ind2=" ">
    <subfield code="1">[28]</subfield>
    <subfield code="i">NYDA.1960.001.03042.</subfield>
    <subfield code="t">[Plan of bedroom wing]</subfield>
  </datafield>
  <datafield tag="789" ind1="0" ind2=" ">
    <subfield code="1">[29]</subfield>
    <subfield code="i">NYDA.1960.001.03043.</subfield>
    <subfield code="t">[Plan of bedroom wing]</subfield>
  </datafield>
  <datafield tag="789" ind1="0" ind2=" ">
    <subfield code="1">[30]</subfield>
    <subfield code="i">NYDA.1960.001.03044.</subfield>
    <subfield code="t">[Partial plan or] bedrm. wing, [plan of] 2nd floor children's wing, [unidentified detail sketch]</subfield>
  </datafield>
  <datafield tag="789" ind1="0" ind2=" ">
    <subfield code="1">[31]</subfield>
    <subfield code="i">NYDA.1960.001.03045.</subfield>
    <subfield code="t">[Sketch of main floor plan],</subfield>
    <subfield code="d">Dec. 9, 1916.</subfield>
    <subfield code="o">"Different wings to have separate roofs at different levels".</subfield>
  </datafield>
  <datafield tag="789" ind1="0" ind2=" ">
    <subfield code="1">[32]</subfield>
    <subfield code="i">NYDA.1960.001.03046.</subfield>
    <subfield code="t">[Sketch of partial floor plans] :</subfield>
    <subfield code="n">#3.</subfield>
  </datafield>
  <datafield tag="789" ind1="0" ind2=" ">
    <subfield code="1">[33]</subfield>
    <subfield code="i">NYDA.1960.001.03047.</subfield>
    <subfield code="t">[Sketch of partial floor plan] :</subfield>
    <subfield code="n">#4.</subfield>
  </datafield>
  <datafield tag="789" ind1="0" ind2=" ">
    <subfield code="1">[34]</subfield>
    <subfield code="i">NYDA.1960.001.03048R.</subfield>
    <subfield code="t">[Sketch of plan of] kitchen [and servants quarters].</subfield>
    <subfield code="o">"Alternative".</subfield>
  </datafield>
  <datafield tag="789" ind1="0" ind2=" ">
    <subfield code="1">[35]</subfield>
    <subfield code="i">NYDA.1960.001.03048V.</subfield>
    <subfield code="t">[Rough sketch of partial floor plan]</subfield>
  </datafield>
  <datafield tag="789" ind1="0" ind2=" ">
    <subfield code="1">[36]</subfield>
    <subfield code="i">NYDA.1960.001.03049.</subfield>
    <subfield code="t">[Partial plan],</subfield>
    <subfield code="d">final -- 3/14/16.</subfield>
  </datafield>
  <datafield tag="789" ind1="0" ind2=" ">
    <subfield code="1">[37]</subfield>
    <subfield code="i">NYDA.1960.001.03050.</subfield>
    <subfield code="t">[Sketch of partial plan of] 1st floor.</subfield>
  </datafield>
  <datafield tag="789" ind1="0" ind2=" ">
    <subfield code="1">[38]</subfield>
    <subfield code="i">NYDA.1960.001.03051.</subfield>
    <subfield code="t">Second floor plan :</subfield>
    <subfield code="n">Sheet no. 2.</subfield>
  </datafield>
  <datafield tag="789" ind1="0" ind2=" ">
    <subfield code="1">[39]</subfield>
    <subfield code="i">NYDA.1960.001.03052.</subfield>
    <subfield code="t">[Second floor plan]</subfield>
  </datafield>
  <datafield tag="789" ind1="0" ind2=" ">
    <subfield code="1">[40]</subfield>
    <subfield code="i">NYDA.1960.001.03053.</subfield>
    <subfield code="t">[Sketch of partial] second floor [plan]</subfield>
  </datafield>
  <datafield tag="789" ind1="0" ind2=" ">
    <subfield code="1">[41]</subfield>
    <subfield code="i">NYDA.1960.001.03055.</subfield>
    <subfield code="t">[Rough perspective sketches of tower, plan]</subfield>
  </datafield>
  <datafield tag="789" ind1="0" ind2=" ">
    <subfield code="1">[42]</subfield>
    <subfield code="i">NYDA.1960.001.03056.</subfield>
    <subfield code="t">[Plan of] 2nd floor over kitchen.</subfield>
  </datafield>
  <datafield tag="789" ind1="0" ind2=" ">
    <subfield code="1">[43]</subfield>
    <subfield code="i">NYDA.1960.001.03057.</subfield>
    <subfield code="t">[Partial] 2nd floor [plan]</subfield>
  </datafield>
  <datafield tag="789" ind1="0" ind2=" ">
    <subfield code="1">[44]</subfield>
    <subfield code="i">NYDA.1960.001.03058.</subfield>
    <subfield code="t">[Sketch of plan of] 2nd floor dining room wing, [detail sketches of windows]</subfield>
  </datafield>
  <datafield tag="789" ind1="0" ind2=" ">
    <subfield code="1">[45]</subfield>
    <subfield code="i">NYDA.1960.001.03059.</subfield>
    <subfield code="t">[Partial floor plan]</subfield>
  </datafield>
  <datafield tag="789" ind1="0" ind2=" ">
    <subfield code="1">[46]</subfield>
    <subfield code="i">NYDA.1960.001.03060.</subfield>
    <subfield code="t">[Partial floor plan]</subfield>
  </datafield>
  <datafield tag="789" ind1="0" ind2=" ">
    <subfield code="1">[47]</subfield>
    <subfield code="i">NYDA.1960.001.03061.</subfield>
    <subfield code="t">[Sketches of partial floor plan]</subfield>
  </datafield>
  <datafield tag="789" ind1="0" ind2=" ">
    <subfield code="1">[48]</subfield>
    <subfield code="i">NYDA.1960.001.03062.</subfield>
    <subfield code="t">[Sketch of main floor plan]</subfield>
  </datafield>
  <datafield tag="789" ind1="0" ind2=" ">
    <subfield code="1">[49]</subfield>
    <subfield code="i">NYDA.1960.001.03063.</subfield>
    <subfield code="t">[Sketch of floor plan]</subfield>
  </datafield>
  <datafield tag="789" ind1="0" ind2=" ">
    <subfield code="1">[50]</subfield>
    <subfield code="i">NYDA.1960.001.03064R.</subfield>
    <subfield code="t">[Rough sketch of rounded roof structure, unidentified sketch]</subfield>
  </datafield>
  <datafield tag="789" ind1="0" ind2=" ">
    <subfield code="1">[51]</subfield>
    <subfield code="i">NYDA.1960.001.03064V.</subfield>
    <subfield code="t">[Unidentified rough sketches]</subfield>
  </datafield>
  <datafield tag="789" ind1="0" ind2=" ">
    <subfield code="1">[52]</subfield>
    <subfield code="i">NYDA.1960.001.03065R.</subfield>
    <subfield code="t">[Unidentified rough sketches]</subfield>
  </datafield>
  <datafield tag="789" ind1="0" ind2=" ">
    <subfield code="1">[53]</subfield>
    <subfield code="i">NYDA.1960.001.03065V.</subfield>
    <subfield code="t">[Rough sketch of rounded roof structure, unidentified sketch]</subfield>
  </datafield>
  <datafield tag="789" ind1="0" ind2=" ">
    <subfield code="1">[54]</subfield>
    <subfield code="i">NYDA.1960.001.03066.</subfield>
    <subfield code="t">[Sketch of partial elevation]</subfield>
  </datafield>
  <datafield tag="789" ind1="0" ind2=" ">
    <subfield code="1">[55]</subfield>
    <subfield code="i">NYDA.1960.001.03067.</subfield>
    <subfield code="t">[Section through flue, rough sketch of arch with steps].</subfield>
    <subfield code="o">"Correct, C.S.G".</subfield>
  </datafield>
  <datafield tag="789" ind1="0" ind2=" ">
    <subfield code="1">[56]</subfield>
    <subfield code="i">NYDA.1960.001.03068.</subfield>
    <subfield code="t">Sketch for figuring loads on hall piers -- diagram plan, [diagram elevation]</subfield>
  </datafield>
  <datafield tag="789" ind1="0" ind2=" ">
    <subfield code="1">[57]</subfield>
    <subfield code="i">NYDA.1960.001.03069R.</subfield>
    <subfield code="t">[Sketch of plan of] sleeping porch,</subfield>
    <subfield code="d">2/25/18.</subfield>
    <subfield code="o">"Col. J.H. Poole will call. Paid."</subfield>
  </datafield>
  <datafield tag="789" ind1="0" ind2=" ">
    <subfield code="1">[58]</subfield>
    <subfield code="i">NYDA.1960.001.03069V.</subfield>
    <subfield code="t">[Assorted doodles -- cat, donkey, moon, child on swing, house, man with cane, etc.]</subfield>
  </datafield>
  <datafield tag="789" ind1="0" ind2=" ">
    <subfield code="1">[59]</subfield>
    <subfield code="i">NYDA.1960.001.03070.</subfield>
    <subfield code="t">[Rough sketch of] dutch bed.</subfield>
  </datafield>
  <datafield tag="789" ind1="0" ind2=" ">
    <subfield code="1">[60]</subfield>
    <subfield code="i">NYDA.1960.001.03071.</subfield>
    <subfield code="t">[Plan of area with] bedr'm[s], bath[rooms, and] kichenette ; [unidentified sketches].</subfield>
    <subfield code="o">"Final sk.".</subfield>
  </datafield>
  <datafield tag="789" ind1="0" ind2=" ">
    <subfield code="1">[61]</subfield>
    <subfield code="i">NYDA.1960.001.03072.</subfield>
    <subfield code="t">[Sketches of partial floor plans, rough sketch of wall with bathtub]</subfield>
  </datafield>
  <datafield tag="789" ind1="0" ind2=" ">
    <subfield code="1">[62]</subfield>
    <subfield code="i">NYDA.1960.001.03073.</subfield>
    <subfield code="t">[TEMP].</subfield>
  </datafield>
  <datafield tag="789" ind1="0" ind2=" ">
    <subfield code="1">[63]</subfield>
    <subfield code="i">NYDA.1960.001.03074.</subfield>
    <subfield code="t">[Partial floor plan, unidentified sketch]</subfield>
  </datafield>
  <datafield tag="789" ind1="0" ind2=" ">
    <subfield code="1">[64]</subfield>
    <subfield code="i">NYDA.1960.001.03075.</subfield>
    <subfield code="t">[Sketch of interior wall with arches and fireplace, unidentified sketches]</subfield>
  </datafield>
  <datafield tag="789" ind1="0" ind2=" ">
    <subfield code="1">[65]</subfield>
    <subfield code="i">NYDA.1960.001.03076.</subfield>
    <subfield code="t">[Elevations of] guest closet -- west, n[orth], east ; [elevations of] Mrs. P.'s closet -- east, n[orth], s[outh], w[est ; elevation and plan of unidentified passage]</subfield>
  </datafield>
  <datafield tag="789" ind1="0" ind2=" ">
    <subfield code="1">[66]</subfield>
    <subfield code="i">NYDA.1960.001.03077.</subfield>
    <subfield code="t">[Sketches of elevations of interior walls]</subfield>
  </datafield>
  <datafield tag="789" ind1="0" ind2=" ">
    <subfield code="1">[67]</subfield>
    <subfield code="i">NYDA.1960.001.03078.</subfield>
    <subfield code="t">[Detail drawings of] living room floor to hall [and] living room windows.</subfield>
  </datafield>
  <datafield tag="789" ind1="0" ind2=" ">
    <subfield code="1">[68]</subfield>
    <subfield code="i">NYDA.1960.001.03079.</subfield>
    <subfield code="t">[Full size details of windows]</subfield>
  </datafield>
  <datafield tag="789" ind1="0" ind2=" ">
    <subfield code="1">[69]</subfield>
    <subfield code="i">NYDA.1960.001.03080.</subfield>
    <subfield code="t">[Plan and elevations of arches]</subfield>
  </datafield>
  <datafield tag="789" ind1="0" ind2=" ">
    <subfield code="1">[70]</subfield>
    <subfield code="i">NYDA.1960.001.03081.</subfield>
    <subfield code="t">[Rough sketch of partial plan]</subfield>
  </datafield>
  <datafield tag="789" ind1="0" ind2=" ">
    <subfield code="1">[71]</subfield>
    <subfield code="i">NYDA.1960.001.03082.</subfield>
    <subfield code="t">[Unidentified sketch]</subfield>
  </datafield>
  <datafield tag="789" ind1="0" ind2=" ">
    <subfield code="1">[72]</subfield>
    <subfield code="i">NYDA.1960.001.03083.</subfield>
    <subfield code="t">[Unidentified sketch]</subfield>
  </datafield>
  <datafield tag="789" ind1="0" ind2=" ">
    <subfield code="1">[73]</subfield>
    <subfield code="i">NYDA.1960.001.03085.</subfield>
    <subfield code="t">[Unidentified sketch]</subfield>
  </datafield>
  <datafield tag="789" ind1="0" ind2=" ">
    <subfield code="1">[74]</subfield>
    <subfield code="i">NYDA.1960.001.03086.</subfield>
    <subfield code="t">[Cutout showing outline of floor plan]</subfield>
  </datafield>
  <datafield tag="789" ind1="0" ind2=" ">
    <subfield code="1">[75]</subfield>
    <subfield code="i">NYDA.1960.001.03087.</subfield>
    <subfield code="t">[Cutout showing outline of floor plan]</subfield>
  </datafield>
  <datafield tag="789" ind1="0" ind2=" ">
    <subfield code="1">[76]</subfield>
    <subfield code="i">NYDA.1960.001.03054.</subfield>
    <subfield code="t">Topographical map, property of Linda Vista, [with outline of house drawn in] /</subfield>
    <subfield code="c">Office of Clarence P. Day, Engineer ; drawn by M. Mote,</subfield>
    <subfield code="d">July, 1918.</subfield>
    <subfield code="o">"File no.R1581".</subfield>
  </datafield>
  <datafield tag="789" ind1="0" ind2=" ">
    <subfield code="1">[77]</subfield>
    <subfield code="i">NYDA.1960.001.03088.</subfield>
    <subfield code="t">[Topographical map of property and surrounding area with house and other structures drawn in]</subfield>
    <subfield code="o">"Red lines show corrected lot lines".</subfield>
  </datafield>
  <datafield tag="789" ind1="0" ind2=" ">
    <subfield code="1">[78]</subfield>
    <subfield code="i">NYDA.1960.001.03089.</subfield>
    <subfield code="t">[First floor plan :</subfield>
    <subfield code="n">Sheet no. 1.</subfield>
  </datafield>
  <datafield tag="789" ind1="0" ind2=" ">
    <subfield code="1">[79]</subfield>
    <subfield code="i">NYDA.1960.001.03090.</subfield>
    <subfield code="t">First floor plan :</subfield>
    <subfield code="n">Sheet no. 1.</subfield>
  </datafield>
  <datafield tag="789" ind1="0" ind2=" ">
    <subfield code="1">[80]</subfield>
    <subfield code="i">NYDA.1960.001.03091.</subfield>
    <subfield code="t">[First floor plan]</subfield>
  </datafield>
  <datafield tag="789" ind1="0" ind2=" ">
    <subfield code="1">[81]</subfield>
    <subfield code="i">NYDA.1960.001.03092.</subfield>
    <subfield code="t">[Sketches -- partial floor plan, arches, perspective views of exterior of house]</subfield>
  </datafield>
  <datafield tag="789" ind1="0" ind2=" ">
    <subfield code="1">[82]</subfield>
    <subfield code="i">NYDA.1960.001.03093.</subfield>
    <subfield code="t">[Partial floor plan, detail sketches of arches, perspective sketch of interior with arches]</subfield>
  </datafield>
  <datafield tag="789" ind1="0" ind2=" ">
    <subfield code="1">[83]</subfield>
    <subfield code="i">NYDA.1960.001.03094.</subfield>
    <subfield code="t">[Sketch op partial floor plan]</subfield>
  </datafield>
  <datafield tag="789" ind1="0" ind2=" ">
    <subfield code="1">[84]</subfield>
    <subfield code="i">NYDA.1960.001.03095.</subfield>
    <subfield code="t">[Partial floor plan, unidentified sketches] :</subfield>
    <subfield code="n">#2.</subfield>
  </datafield>
  <datafield tag="789" ind1="0" ind2=" ">
    <subfield code="1">[85]</subfield>
    <subfield code="i">NYDA.1960.001.03096.</subfield>
    <subfield code="t">Second floor plan :</subfield>
    <subfield code="n">Sheet no. 2.</subfield>
  </datafield>
  <datafield tag="789" ind1="0" ind2=" ">
    <subfield code="1">[86]</subfield>
    <subfield code="i">NYDA.1960.001.03097.</subfield>
    <subfield code="t">[Sketch of floor plan, unidentified sketches]</subfield>
  </datafield>
  <datafield tag="789" ind1="0" ind2=" ">
    <subfield code="1">[87]</subfield>
    <subfield code="i">NYDA.1960.001.03098.</subfield>
    <subfield code="t">[Sketch of partial floor plan, unidentified sketches]</subfield>
  </datafield>
  <datafield tag="789" ind1="0" ind2=" ">
    <subfield code="1">[88]</subfield>
    <subfield code="i">NYDA.1960.001.03099.</subfield>
    <subfield code="t">[Front elevation, [sketch of partial elevation]</subfield>
  </datafield>
  <datafield tag="789" ind1="0" ind2=" ">
    <subfield code="1">[89]</subfield>
    <subfield code="i">NYDA.1960.001.03100.</subfield>
    <subfield code="t">[Elevation of] dining room wing.</subfield>
  </datafield>
  <datafield tag="789" ind1="0" ind2=" ">
    <subfield code="1">[90]</subfield>
    <subfield code="i">NYDA.1960.001.03101R.</subfield>
    <subfield code="t">[Perspective drawing of house]</subfield>
  </datafield>
  <datafield tag="789" ind1="0" ind2=" ">
    <subfield code="1">[91]</subfield>
    <subfield code="i">NYDA.1960.001.03101V.</subfield>
    <subfield code="t">[Perspective drawing of house]</subfield>
  </datafield>
  <datafield tag="789" ind1="0" ind2=" ">
    <subfield code="1">[92]</subfield>
    <subfield code="i">NYDA.1960.001.03102R.</subfield>
    <subfield code="t">[Rough perspective sketch of house].</subfield>
    <subfield code="o">Addresses and cancelled postage indicate sheet was mailed "from Box 84, Carmel, Cal."to "Mr. H.M. Greene, 216 Boston Bldg., Pasadena, Cal.".</subfield>
  </datafield>
  <datafield tag="789" ind1="0" ind2=" ">
    <subfield code="1">[93]</subfield>
    <subfield code="i">NYDA.1960.001.03102V.</subfield>
    <subfield code="t">1 1/2 scale detail[s] of opening between hall and living room -- living room side, hall side, outside, inside.</subfield>
  </datafield>
  <datafield tag="789" ind1="0" ind2=" ">
    <subfield code="1">[94]</subfield>
    <subfield code="i">NYDA.1960.001.03103.</subfield>
    <subfield code="t">[Full size details of] inside doors.</subfield>
  </datafield>
  <datafield tag="789" ind1="0" ind2=" ">
    <subfield code="1">[95]</subfield>
    <subfield code="i">NYDA.1960.001.03104.</subfield>
    <subfield code="t">[Unidentified plan]</subfield>
  </datafield>
  <datafield tag="789" ind1="0" ind2=" ">
    <subfield code="1">[96]</subfield>
    <subfield code="i">NYDA.1960.001.03105.</subfield>
    <subfield code="t">Fir[st] floor plan /</subfield>
    <subfield code="c">Chitten[den &amp; Kotting, Arch]itects.</subfield>
  </datafield>
  <datafield tag="789" ind1="0" ind2=" ">
    <subfield code="1">[97]</subfield>
    <subfield code="i">NYDA.1960.001.03106.</subfield>
    <subfield code="t">Second floor plan.</subfield>
  </datafield>
  <datafield tag="900" ind1=" " ind2=" ">
    <subfield code="a">AUTH</subfield>
  </datafield>
</record>

</collection>